%YAML 1.1
%TAG !u! tag:unity3d.com,2011:
--- !u!1 &1528228436707236
GameObject:
  m_ObjectHideFlags: 0
  m_CorrespondingSourceObject: {fileID: 0}
  m_PrefabInstance: {fileID: 0}
  m_PrefabAsset: {fileID: 0}
  serializedVersion: 6
  m_Component:
  - component: {fileID: 4769426053161344}
  - component: {fileID: 212048501568416150}
  - component: {fileID: 95029792619205206}
  - component: {fileID: 60568637363577142}
  - component: {fileID: 50113980519452590}
  - component: {fileID: 114985907169799452}
  m_Layer: 0
  m_Name: Player
  m_TagString: Untagged
  m_Icon: {fileID: 0}
  m_NavMeshLayer: 0
  m_StaticEditorFlags: 0
  m_IsActive: 1
--- !u!4 &4769426053161344
Transform:
  m_ObjectHideFlags: 0
  m_CorrespondingSourceObject: {fileID: 0}
  m_PrefabInstance: {fileID: 0}
  m_PrefabAsset: {fileID: 0}
  m_GameObject: {fileID: 1528228436707236}
  m_LocalRotation: {x: 0, y: 0, z: 0, w: 1}
  m_LocalPosition: {x: 0, y: 0, z: 0}
  m_LocalScale: {x: 0.51317966, y: 0.5131796, z: 0.5131796}
  m_Children: []
  m_Father: {fileID: 0}
  m_RootOrder: 0
  m_LocalEulerAnglesHint: {x: 0, y: 0, z: 0}
--- !u!212 &212048501568416150
SpriteRenderer:
  m_ObjectHideFlags: 0
  m_CorrespondingSourceObject: {fileID: 0}
  m_PrefabInstance: {fileID: 0}
  m_PrefabAsset: {fileID: 0}
  m_GameObject: {fileID: 1528228436707236}
  m_Enabled: 1
  m_CastShadows: 0
  m_ReceiveShadows: 0
  m_DynamicOccludee: 1
  m_MotionVectors: 1
  m_LightProbeUsage: 1
  m_ReflectionProbeUsage: 1
  m_RenderingLayerMask: 1
  m_RendererPriority: 0
  m_Materials:
  - {fileID: 10754, guid: 0000000000000000f000000000000000, type: 0}
  m_StaticBatchInfo:
    firstSubMesh: 0
    subMeshCount: 0
  m_StaticBatchRoot: {fileID: 0}
  m_ProbeAnchor: {fileID: 0}
  m_LightProbeVolumeOverride: {fileID: 0}
  m_ScaleInLightmap: 1
  m_PreserveUVs: 0
  m_IgnoreNormalsForChartDetection: 0
  m_ImportantGI: 0
  m_StitchLightmapSeams: 0
  m_SelectedEditorRenderState: 0
  m_MinimumChartSize: 4
  m_AutoUVMaxDistance: 0.5
  m_AutoUVMaxAngle: 89
  m_LightmapParameters: {fileID: 0}
  m_SortingLayerID: 0
  m_SortingLayer: 0
  m_SortingOrder: 0
  m_Sprite: {fileID: 21300000, guid: 0709931d4dc754049a983a7d81db5d38, type: 3}
  m_Color: {r: 1, g: 1, b: 1, a: 1}
  m_FlipX: 0
  m_FlipY: 0
  m_DrawMode: 0
  m_Size: {x: 2.4900002, y: 3.3500001}
  m_AdaptiveModeThreshold: 0.5
  m_SpriteTileMode: 0
  m_WasSpriteAssigned: 1
  m_MaskInteraction: 0
  m_SpriteSortPoint: 0
--- !u!95 &95029792619205206
Animator:
  serializedVersion: 3
  m_ObjectHideFlags: 0
  m_CorrespondingSourceObject: {fileID: 0}
  m_PrefabInstance: {fileID: 0}
  m_PrefabAsset: {fileID: 0}
  m_GameObject: {fileID: 1528228436707236}
  m_Enabled: 1
  m_Avatar: {fileID: 0}
  m_Controller: {fileID: 9100000, guid: b6fba32eb035426438f35f255e93687a, type: 2}
  m_CullingMode: 0
  m_UpdateMode: 0
  m_ApplyRootMotion: 0
  m_LinearVelocityBlending: 0
  m_WarningMessage: 
  m_HasTransformHierarchy: 1
  m_AllowConstantClipSamplingOptimization: 1
  m_KeepAnimatorControllerStateOnDisable: 0
--- !u!60 &60568637363577142
PolygonCollider2D:
  m_ObjectHideFlags: 0
  m_CorrespondingSourceObject: {fileID: 0}
  m_PrefabInstance: {fileID: 0}
  m_PrefabAsset: {fileID: 0}
  m_GameObject: {fileID: 1528228436707236}
  m_Enabled: 1
  m_Density: 1
  m_Material: {fileID: 0}
  m_IsTrigger: 0
  m_UsedByEffector: 0
  m_UsedByComposite: 0
  m_Offset: {x: 0, y: 0}
  m_SpriteTilingProperty:
    border: {x: 0.09, y: 0.030000001, z: 0, w: 0.020000001}
    pivot: {x: 0.5, y: 0.5}
    oldSize: {x: 2.4900002, y: 3.3500001}
    newSize: {x: 2.4900002, y: 3.3500001}
    adaptiveTilingThreshold: 0.5
    drawMode: 0
    adaptiveTiling: 0
  m_AutoTiling: 0
  m_Points:
    m_Paths:
    - - {x: 0.43644527, y: -0.3420704}
      - {x: 0.40910152, y: -0.31472665}
      - {x: 0.32707027, y: -0.16433601}
      - {x: 0.51847655, y: -0.17800789}
      - {x: 0.73722655, y: -0.1096485}
      - {x: 1.1200391, y: -0.19167976}
      - {x: 1.1610547, y: -0.027617248}
      - {x: 1.024336, y: 0.09542964}
      - {x: 1.0516797, y: 0.31417966}
      - {x: 1.2294141, y: 0.3415234}
      - {x: 1.2294141, y: 0.49191403}
      - {x: 1.0106641, y: 0.6149609}
      - {x: 0.9423047, y: 0.76535153}
      - {x: 0.84660155, y: 0.80636716}
      - {x: 0.8329297, y: 1.6266798}
      - {x: 0.73722655, y: 1.6813673}
      - {x: 0.51847655, y: 1.6813673}
      - {x: 0.2587109, y: 1.2712109}
      - {x: 0.28605464, y: 1.0798047}
      - {x: -0.26082042, y: 1.2848828}
      - {x: -0.4385548, y: 1.5856642}
      - {x: -0.5616017, y: 1.6813673}
      - {x: -0.7256642, y: 1.6813673}
      - {x: -0.80769545, y: 1.599336}
      - {x: -0.91707045, y: 1.4626173}
      - {x: -1.0537893, y: 0.5192578}
      - {x: -1.2178518, y: 0.46457028}
      - {x: -1.2178518, y: 0.36886716}
      - {x: -1.0264455, y: 0.15011714}
      - {x: -1.0401174, y: -0.027617248}
      - {x: -0.9991017, y: -0.19167976}
      - {x: -0.8897267, y: -0.17800789}
      - {x: -0.8350392, y: -0.08230475}
      - {x: -0.39753917, y: -0.2873829}
      - {x: -0.69832045, y: -0.69753915}
      - {x: -0.8487111, y: -0.9162892}
      - {x: -1.1084768, y: -1.1897267}
      - {x: -1.1494924, y: -1.5451955}
      - {x: -0.9854298, y: -1.6682423}
      - {x: 0.5048047, y: -1.6682423}
      - {x: 0.5321484, y: -1.6408986}
      - {x: 0.5458203, y: -1.4358205}
      - {x: 0.45011714, y: -1.4084767}
--- !u!50 &50113980519452590
Rigidbody2D:
  serializedVersion: 4
  m_ObjectHideFlags: 0
  m_CorrespondingSourceObject: {fileID: 0}
  m_PrefabInstance: {fileID: 0}
  m_PrefabAsset: {fileID: 0}
  m_GameObject: {fileID: 1528228436707236}
  m_BodyType: 0
  m_Simulated: 1
  m_UseFullKinematicContacts: 0
  m_UseAutoMass: 0
  m_Mass: 1
  m_LinearDrag: 0
  m_AngularDrag: 0.05
  m_GravityScale: 0
  m_Material: {fileID: 0}
  m_Interpolate: 0
  m_SleepingMode: 1
  m_CollisionDetection: 0
  m_Constraints: 0
--- !u!114 &114985907169799452
MonoBehaviour:
  m_ObjectHideFlags: 0
  m_CorrespondingSourceObject: {fileID: 0}
  m_PrefabInstance: {fileID: 0}
  m_PrefabAsset: {fileID: 0}
  m_GameObject: {fileID: 1528228436707236}
  m_Enabled: 1
  m_EditorHideFlags: 0
  m_Script: {fileID: 11500000, guid: 2d0267db5a7b7e9409c715d7af64bcda, type: 3}
  m_Name: 
  m_EditorClassIdentifier: 
  speed: 2
  jumpForce: 5
  intervaloAtaque: 1
  proximoAtaque: 1
  direcao: 0
  facingRight: 1
  jump: 0
